<?xml version="1.0" encoding="UTF-8"?>
<SOAP-ENV:Envelope xmlns:SOAP-ENV="http://schemas.xmlsoap.org/soap/envelope/" xmlns:mx="http://www.loc.gov/MARC21/slim" xmlns:of="http://oss.dbc.dk/ns/openformat"><SOAP-ENV:Body><of:formatResponse><marc21><mx:record format="MARC21" type="Bibliographic"><mx:leader>00000ngm a22000000c 4500</mx:leader><mx:controlfield tag="007">vd||v||||</mx:controlfield><mx:controlfield tag="008">101019s2010    dk |||| |||||  |||v|mul|d</mx:controlfield><mx:datafield ind1="8" ind2=" " tag="024"><mx:subfield code="a">8717418110222</mx:subfield></mx:datafield><mx:datafield ind1="8" ind2=" " tag="024"><mx:subfield code="a">8717418321406</mx:subfield></mx:datafield><mx:datafield ind1="1" ind2=" " tag="029"><mx:subfield code="a">DKDLA</mx:subfield><mx:subfield code="b">870970-basis:28480261</mx:subfield></mx:datafield><mx:datafield ind1=" " ind2=" " tag="040"><mx:subfield code="a">DKDLA</mx:subfield><mx:subfield code="b">dan</mx:subfield><mx:subfield code="c">DKDLA</mx:subfield><mx:subfield code="e">kbsdb</mx:subfield></mx:datafield><mx:datafield ind1="1" ind2=" " tag="041"><mx:subfield code="a">eng</mx:subfield><mx:subfield code="a">por</mx:subfield><mx:subfield code="j">eng</mx:subfield><mx:subfield code="j">por</mx:subfield><mx:subfield code="j">dut</mx:subfield><mx:subfield code="j">nor</mx:subfield><mx:subfield code="j">dan</mx:subfield><mx:subfield code="j">swe</mx:subfield><mx:subfield code="j">fin</mx:subfield><mx:subfield code="j">ice</mx:subfield><mx:subfield code="j">est</mx:subfield></mx:datafield><mx:datafield ind1=" " ind2=" " tag="049"><mx:subfield code="a">DK-190101</mx:subfield></mx:datafield><mx:datafield ind1=" " ind2=" " tag="084"><mx:subfield code="a">77.7</mx:subfield><mx:subfield code="2">z</mx:subfield></mx:datafield><mx:datafield ind1="0" ind2="0" tag="245"><mx:subfield code="a">Pirates of the Caribbean - den sorte forbandelse</mx:subfield><mx:subfield code="h">[videooptagelse]=</mx:subfield><mx:subfield code="b">Pirates of the Caribbean - the curse of the Black Pearl /</mx:subfield><mx:subfield code="c">directed by Gore Verbinski ; screenplay by Ted Elliott &amp; Terry Rossio ; screen story by Ted Elliott ... [et al.] ; based on Walt Disney's Pirates of the Caribbean ; director of photography Dariusz Wolski ; produced by Jerry Bruckheimer</mx:subfield></mx:datafield><mx:datafield ind1=" " ind2=" " tag="260"><mx:subfield code="a">[Kbh.] :</mx:subfield><mx:subfield code="b">Buena Vista Home Entertainment,</mx:subfield><mx:subfield code="c">[2010]</mx:subfield></mx:datafield><mx:datafield ind1=" " ind2=" " tag="300"><mx:subfield code="a">1 dvd-video (ca. 2 t., 17 min.)</mx:subfield></mx:datafield><mx:datafield ind1="1" ind2=" " tag="490"><mx:subfield code="a">Disney dvd</mx:subfield></mx:datafield><mx:datafield ind1=" " ind2=" " tag="500"><mx:subfield code="a">BMA 3023315</mx:subfield></mx:datafield><mx:datafield ind1=" " ind2=" " tag="546"><mx:subfield code="a">Engelsk tale, samt synkronisering på portugisisk</mx:subfield></mx:datafield><mx:datafield ind1=" " ind2=" " tag="546"><mx:subfield code="a">Undertekster på engelsk, portugisisk, hollandsk, norsk, dansk, svensk, finsk, islandsk og estisk</mx:subfield></mx:datafield><mx:datafield ind1=" " ind2=" " tag="546"><mx:subfield code="a">Tekstet for hørehæmmede på engelsk</mx:subfield></mx:datafield><mx:datafield ind1="1" ind2=" " tag="700"><mx:subfield code="a">Disney, Walt</mx:subfield></mx:datafield><mx:datafield ind1="1" ind2=" " tag="700"><mx:subfield code="a">Verbinski, Gore</mx:subfield></mx:datafield><mx:datafield ind1="1" ind2=" " tag="700"><mx:subfield code="a">Elliott, Ted</mx:subfield></mx:datafield><mx:datafield ind1="1" ind2=" " tag="700"><mx:subfield code="a">Rossio, Terry</mx:subfield></mx:datafield><mx:datafield ind1="1" ind2=" " tag="700"><mx:subfield code="a">Wolski, Dariusz</mx:subfield></mx:datafield><mx:datafield ind1="2" ind2=" " tag="710"><mx:subfield code="a">Walt Disney (firma)</mx:subfield></mx:datafield><mx:datafield ind1=" " ind2="0" tag="830"><mx:subfield code="a">Disney dvd</mx:subfield></mx:datafield><mx:datafield ind1=" " ind2=" " tag="901"><mx:subfield code="a">791</mx:subfield></mx:datafield></mx:record><hs activity="insert">DKDLA</hs></marc21></of:formatResponse></SOAP-ENV:Body></SOAP-ENV:Envelope>
